<record><leader>00000cas a22000001a 4500</leader><controlfield tag="001">32514358</controlfield><controlfield tag="007">hd bfb016baaa</controlfield><controlfield tag="008">950520u1869uuuucaudr nea     0    0eng c</controlfield><datafield ind1=" " ind2=" " tag="010"><subfield code="a">sn 94089916 </subfield></datafield><datafield ind1=" " ind2=" " tag="040"><subfield code="a">NN</subfield><subfield code="b">eng</subfield><subfield code="c">RQM</subfield><subfield code="d">OCLCQ</subfield><subfield code="d">OCLCF</subfield><subfield code="d">OCLCO</subfield><subfield code="d">OCLCQ</subfield></datafield><datafield ind1=" " ind2=" " tag="012"><subfield code="i">9505</subfield></datafield><datafield ind1=" " ind2=" " tag="032"><subfield code="a">479760</subfield><subfield code="b">USPS</subfield></datafield><datafield ind1=" " ind2=" " tag="037"><subfield code="b">925 Mission St., San Francisco, CA 94103</subfield></datafield><datafield ind1=" " ind2=" " tag="042"><subfield code="a">pcc</subfield></datafield><datafield ind1=" " ind2=" " tag="043"><subfield code="a">n-us-ca</subfield></datafield><datafield ind1="0" ind2="0" tag="245"><subfield code="a">San Francisco chronicle.</subfield></datafield><datafield ind1="3" ind2="0" tag="246"><subfield code="a">Sunday chronicle</subfield></datafield><datafield ind1="3" ind2="0" tag="246"><subfield code="a">San Francisco Sunday chronicle</subfield></datafield><datafield ind1="3" ind2="0" tag="246"><subfield code="a">San Francisco Sunday examiner &amp; chronicle</subfield></datafield><datafield ind1="3" ind2="0" tag="246"><subfield code="a">San Francisco Sunday examiner and chronicle</subfield></datafield><datafield ind1=" " ind2=" " tag="260"><subfield code="a">San Francisco, Calif. :</subfield><subfield code="b">Chas. D. Young &amp; Co.,</subfield><subfield code="c">1869-</subfield></datafield><datafield ind1=" " ind2=" " tag="300"><subfield code="a">volumes :</subfield><subfield code="b">illustrations ;</subfield><subfield code="c">58-71 cm</subfield></datafield><datafield ind1=" " ind2=" " tag="310"><subfield code="a">Daily,</subfield><subfield code="b">Sept. 9, 1872-</subfield></datafield><datafield ind1=" " ind2=" " tag="321"><subfield code="a">Daily (except Mon.),</subfield><subfield code="b">Aug. 15, 1869-Sept. 8, 1872</subfield></datafield><datafield ind1=" " ind2=" " tag="336"><subfield code="a">text</subfield><subfield code="b">txt</subfield><subfield code="2">rdacontent</subfield></datafield><datafield ind1=" " ind2=" " tag="337"><subfield code="a">microform</subfield><subfield code="b">h</subfield><subfield code="2">rdamedia</subfield></datafield><datafield ind1=" " ind2=" " tag="338"><subfield code="a">microfilm reel</subfield><subfield code="b">hd</subfield><subfield code="2">rdacarrier</subfield></datafield><datafield ind1="0" ind2=" " tag="362"><subfield code="a">Vol. 10, no. 27 (Aug. 15, 1869)-</subfield></datafield><datafield ind1=" " ind2=" " tag="500"><subfield code="a">On Sunday published as: Sunday chronicle, Sept. 8, 1872-June 15, 1890, and: San Francisco Sunday chronicle, Nov. 16, 1958-Sept 12, 1965, and: San Francisco Sunday examiner &amp; chronicle, Sept. 19, 1965-</subfield></datafield><datafield ind1=" " ind2=" " tag="500"><subfield code="a">Published by San Francisco Newspaper Print. Co.</subfield></datafield><datafield ind1=" " ind2=" " tag="500"><subfield code="a">Published Oakland chronicle as an edition of San Francisco chronicle, &lt;Sept. 28, 1913&gt;.</subfield></datafield><datafield ind1=" " ind2=" " tag="515"><subfield code="a">Publication suspended Jan. 5-Feb. 27, 1968, during which time a small xerox edition was published.</subfield></datafield><datafield ind1=" " ind2=" " tag="525"><subfield code="a">Supplements accompany many issues; issue for Oct. 18, 1948 has a supplement called "California centennial."</subfield></datafield><datafield ind1=" " ind2=" " tag="580"><subfield code="a">Weekly eds.: Weekly San Francisco chronicle, 1874-1879, and: Weekly chronicle (San Francisco, Calif.), 1879-1918.</subfield></datafield><datafield ind1=" " ind2=" " tag="533"><subfield code="a">Microfilm.</subfield><subfield code="m">April 1906-June 30,1906.</subfield><subfield code="b">New York :</subfield><subfield code="c">New York Public Library,</subfield><subfield code="d">[19--].</subfield><subfield code="e">2 microfilm reels ; 35 mm.</subfield></datafield><datafield ind1=" " ind2="0" tag="651"><subfield code="a">San Francisco Bay Area (Calif.)</subfield><subfield code="v">Newspapers.</subfield></datafield><datafield ind1=" " ind2="0" tag="651"><subfield code="a">San Francisco (Calif.)</subfield><subfield code="v">Newspapers.</subfield></datafield><datafield ind1=" " ind2="7" tag="651"><subfield code="a">California</subfield><subfield code="z">San Francisco.</subfield><subfield code="2">fast</subfield><subfield code="0">(OCoLC)fst01204481</subfield></datafield><datafield ind1=" " ind2="7" tag="651"><subfield code="a">California</subfield><subfield code="z">San Francisco Bay Area.</subfield><subfield code="2">fast</subfield><subfield code="0">(OCoLC)fst01242397</subfield></datafield><datafield ind1=" " ind2="7" tag="655"><subfield code="a">Newspapers.</subfield><subfield code="2">fast</subfield><subfield code="0">(OCoLC)fst01423814</subfield></datafield><datafield ind1=" " ind2=" " tag="752"><subfield code="a">United States</subfield><subfield code="b">California</subfield><subfield code="c">San Francisco</subfield><subfield code="d">San Francisco.</subfield></datafield><datafield ind1="1" ind2=" " tag="775"><subfield code="t">Weekly San Francisco chronicle</subfield><subfield code="w">(DLC)sn 85025310</subfield><subfield code="w">(OCoLC)11640256</subfield></datafield><datafield ind1="1" ind2=" " tag="775"><subfield code="t">Weekly chronicle (San Francisco, Calif. : 1879)</subfield><subfield code="w">(DLC)sn 86064479</subfield></datafield><datafield ind1="1" ind2=" " tag="776"><subfield code="c">Original</subfield><subfield code="w">(DLC)sn 82003402</subfield></datafield><datafield ind1="0" ind2="0" tag="780"><subfield code="t">Daily morning chronicle (San Francisco, Calif.)</subfield></datafield><datafield ind1=" " ind2=" " tag="850"><subfield code="a">NN</subfield><subfield code="a">NN (master)</subfield></datafield></record>